neto@lifter.4872:1430931258